<?xml version="1.0" encoding="UTF-8"?><collection xmlns="http://www.loc.gov/MARC21/slim"><record><leader>00397nam--2200133-i-4500</leader><controlfield tag="001">000030135</controlfield><controlfield tag="002">20161230</controlfield><controlfield tag="005">20161230201038</controlfield><controlfield tag="008">060222s1000------------r-----000-0-eng-d</controlfield><datafield ind1=" " ind2=" " tag="100"><subfield code="a">Ludwig, Garry</subfield></datafield><datafield ind1=" " ind2=" " tag="245"><subfield code="a">A study of two topics in general relativity the cosmological red-shift</subfield></datafield><datafield ind1=" " ind2=" " tag="260"><subfield code="a">Gravitational Waves. Thesis</subfield></datafield><datafield ind1=" " ind2=" " tag="490"><subfield code="a">Ann Arbor, Univ.Microfilms, Inc., 1966, V + 87p</subfield></datafield><datafield ind1=" " ind2=" " tag="852"><subfield code="a">530.12</subfield></datafield></record></collection>